
@article{ahmadiTracesOppressionTrauma2021,
  title = {The {{Traces}} of {{Oppression}} and {{Trauma}} to {{Ethnic Minorities}} in {{Indonesia Who Experienced Rape}} on the 12 {{May}} 1998 {{Tragedy}}: {{A Review}} of {{Literature}}},
  shorttitle = {The {{Traces}} of {{Oppression}} and {{Trauma}} to {{Ethnic Minorities}} in {{Indonesia Who Experienced Rape}} on the 12 {{May}} 1998 {{Tragedy}}},
  author = {Ahmadi, Anas},
  year = {2021},
  month = mar,
  journal = {Journal of Ethnic and Cultural Studies},
  volume = {8},
  number = {2},
  pages = {126},
  issn = {2149-1291},
  doi = {10.29333/ejecs/744},
  abstract = {This study explores oppression and trauma to ethnic Chinese minority women in Indonesia who experienced rape on the 12 May 1998 tragedy through literary data. The research method used was qualitative-narrative. The data source used was a novel titled Mei Merah (MM). The data analysis technique was carried out through stages that identified literary texts related to women's oppression from ethnic minorities; clarification of literary texts related to the oppression of women from ethnic minorities; data exposure; and data validation. The results show that ethnic Chinese women in Indonesia who experienced rape undergo trauma, impacting their psychological conditions. This was shown through Humaira, the novel's character, who experienced a phase of trauma, a phase of madness, and a phase of suicide due to rape. It happened because of a profound traumatic experience. Moreover, ethnic minority women who are raped often go abroad to remove traces because they feel ashamed and traumatized by being raped.},
  language = {en},
  file = {H\:\\kuliah\\zotero\\storage\\EXE92QJ4\\Ahmadi - 2021 - The Traces of Oppression and Trauma to Ethnic Mino.pdf}
}

@book{birchNationalismNationalIntegration1989,
  title = {Nationalism and National Integration},
  author = {Birch, Anthony Harold},
  year = {1989},
  publisher = {{London ; Boston : Unwin Hyman}},
  abstract = {xi, 253 p. ; 22 cm; Bibliography: p. [239]-247; Includes index},
  collaborator = {{Internet Archive}},
  isbn = {978-0-04-320180-0 978-0-04-320181-7},
  language = {eng},
  keywords = {Nationalism}
}

@book{brownShortHistoryIndonesia2003,
  title = {A Short History of {{Indonesia}}: The Unlikely Nation?},
  shorttitle = {A Short History of {{Indonesia}}},
  author = {Brown, Colin},
  year = {2003},
  series = {Short History of {{Asia}} Series},
  publisher = {{Allen \& Unwin}},
  address = {{Crows Nest, N.S.W}},
  isbn = {978-1-86508-838-9},
  language = {en},
  lccn = {DS634 .B67 2003},
  keywords = {History,Indonesia},
  annotation = {OCLC: ocm52900720},
  file = {H\:\\kuliah\\zotero\\storage\\CV4K8U76\\Brown - 2003 - A short history of Indonesia the unlikely nation.pdf}
}

@article{ciptoGerakanSeparatisDan2016,
  title = {{Gerakan Separatis dan Dampaknya Terhadap Pengembangan Demokrasi}},
  author = {Cipto, Bambang},
  year = {2016},
  month = jul,
  journal = {UNISIA},
  volume = {0},
  number = {47},
  issn = {0215-1421},
  doi = {10.20885/unisia.vol26.iss47.art2},
  abstract = {A long Asia continent, from Turk, Indonesia, up to Papua\^A~ New Guinea, believed as the fertile land for the seeds of separatism. The keywords for such problem is actually\^A~ the injustice. Means, injustice between majority and minority, also, injustice between big countries and the small ones. The solution\^A~ needed is, democratization in the mean of the ability of the government to accommodate the needs of \^A~all people. When \^A~the attention of the government is only addressed for particular group of people, the spirit for separatisms is absolutely cannot be extinguished.},
  language = {id},
  file = {H\:\\kuliah\\zotero\\storage\\YBDJL22Y\\Cipto - 2016 - Gerakan Separatis dan Dampaknya Terhadap Pengemban.pdf;H\:\\kuliah\\zotero\\storage\\Z9NZTKRR\\5266.html}
}

@article{haasWhatNationalismWhy1986,
  title = {What Is Nationalism and Why Should We Study It?},
  author = {Haas, Ernst B.},
  year = {1986},
  journal = {International Organization},
  volume = {40},
  number = {3},
  pages = {707--744},
  issn = {0020-8183, 1531-5088},
  doi = {10.1017/S0020818300027326},
  language = {en},
  file = {C\:\\Users\\PERSONAL\\Downloads\\Documents\\haas1986.pdf}
}

@incollection{honnaSecurityChallengesMilitary2013,
  title = {Security {{Challenges}} and {{Military Reform}} in {{Post}}-Authoritarian {{Indonesia}}: {{The Impact}} of {{Separatism}}, {{Terrorism}}, and {{Communal Violence}}},
  shorttitle = {Security {{Challenges}} and {{Military Reform}} in {{Post}}-Authoritarian {{Indonesia}}},
  booktitle = {The {{Politics}} of {{Military Reform}}},
  author = {Honna, Jun},
  editor = {R{\"u}land, J{\"u}rgen and Manea, Maria-Gabriela and Born, Hans},
  year = {2013},
  pages = {185--199},
  publisher = {{Springer Berlin Heidelberg}},
  address = {{Berlin, Heidelberg}},
  doi = {10.1007/978-3-642-29624-6_9},
  isbn = {978-3-642-29623-9 978-3-642-29624-6},
  language = {en},
  file = {H\:\\kuliah\\zotero\\storage\\7UVD524R\\Honna - 2013 - Security Challenges and Military Reform in Post-au.pdf}
}

@article{jazimahMALARIStudiGerakan2013,
  title = {{{MALARI}}: {{Studi Gerakan Mahasiswa Masa Orde Baru}}},
  shorttitle = {{{MALARI}}},
  author = {Jazimah, Ipong},
  year = {2013},
  month = jan,
  journal = {AGASTYA: JURNAL SEJARAH DAN PEMBELAJARANNYA},
  volume = {3},
  number = {01},
  issn = {2502-2857, 2087-8907},
  doi = {10.25273/ajsp.v3i01.902},
  abstract = {{$<$}p{$>$}Penelitian ini bertujuan untuk mengungkap: 1) latar belakang terjadinya Peristiwa Malaria 1974; 2) Kronologi peristiwa Malaria 1974; dan 3) Dampak yang ditimbulkan dari peristiwa Malaria 1974 menyangkut kebijakan pemerintah terhadap kegiatan mahasiswa di kampus. Penelitian ini merupakan penelitian sejarah yang tahapannya meliputi heuristik, kritik sumber (verifikasi), interpretasi dan penyajian (historiografi). Sumber yang akan dipakai dapat dibedakan menjadi dua yaitu sumber primer dan sekunder. Sumber primer yang digunakan adalah koran sejaman, sementara sumber sekunder adalah buku-buku yang ditulis oleh sejarawan berikutnya. Peristiwa Malari bisa dikatakan sebagai titik awal perlawanan terhadap Soeharto secara besar-besaran, ditandai dengan adanya aksi pembakaran, perusakan, dan kerusuhan yang menyebabkan beberapa korban meninggal dan luka-luka.~ Sebelum Malari memang telah ada aksi mahasiswa menggugat, aksi Golongan Putih dan sebagainya. Tetapi tidak mampu mengikutsertakan massa dalam jumlah yang cukup signifikan. Namun peristiwa Malari bagi generasi muda yang lahir pada tahun 1973 tidak cukup dikenal dengan baik. Bagi mereka, peristiwa Malari adalah ``Peristiwa ribut-ribut di Monas''. Ada juga yang melihat peristiwa Malari sebagai konspirasi para jenderal yang tidak memiliki sandaran politik dalam struktur kala itu, dengan memakai mahasiswa untuk dijadikan alat politik terhadap para petinggi Orde Baru saat itu. Apa pun yang dikatakan oleh generasi muda, namun bagi para pelaku Malari, peristiwa Malapetaka 15 Januari itu adalah momentum awal memanfaatkan kontradiksi di kalangan militer untuk mempertajam kekuatan-kekuataan pro status quo dengan kekuatan yang pro perubahan bagi kepentingan rakyat banyak.{$<$}/p{$>$}},
  file = {H\:\\kuliah\\zotero\\storage\\RCIQF2EC\\Jazimah - 2013 - MALARI Studi Gerakan Mahasiswa Masa Orde Baru.pdf}
}

@article{putriNilaiNasionalDua2021,
  title = {Nilai {{Nasional Dua Daerah Dengan Histori Gerakan Separatisme}}},
  author = {Putri, Amelia},
  year = {2021},
  month = jun,
  journal = {UNUSIA CONFERENCE},
  volume = {1},
  number = {1},
  pages = {196--206},
  issn = {2797-0248},
  abstract = {Berangkat dari pendekatan latar belakang historis, etnis Aceh dan etnis Papua diketahui memiliki sejarah gerakan separatisme. Etnis Aceh dengan histori Gerakan Aceh Merdeka (GAM), sedangkan etnis Papua dengan histori Organisasi Papua Merdeka (OPM). Hal ini menimbulkan dugaan adanya penurunan nilai nasional di Indonesia. Meski pergerakan tersebut telah dimulai sejak kurang lebih setengah abad yang lalu, penelitian ini ingin menelisik dan membandingkan sejauh mana orang-orang dari etnis Aceh dan Papua pada hari ini, yang direpresentasikan oleh kelompok dewasa muda, berpegang teguh terhadap nilai nasional yang tercermin dari nilai-nilai pancasila. Dengan persamaan historis tersebut, peneliti menduga tidak adanya perbedaan nilai nasional yang signifikan antara etnis Aceh dan etnis Papua. Desain penelitian komparatif ini melibatkan total 63 partisipan yang terdiri dari 32 partisipan dari etnis Aceh dan 31 partisipan dari etnis Papua berusia 18-25 tahun. Peneliti juga menambahkan karakteristik khusus dari partisipan, yaitu setidaknya memiliki ayah yang berasal dari etnis Papua atau etnis Aceh dan atau menghabiskan masa hidupnya secara dominan di wilayah Papua atau Aceh. Untuk mendapatkan partisipan dengan kriteria yang tepat, penelitian ini menggunakan teknik snowball sampling di mana partisipan pertama merujuk rekan atau saudaranya yang sesuai dengan kriteria peneliti sebagai calon partisipan. Dengan menggunakan alat ukur Pancasila Scale berbentuk skala likert dengan rentang dari skor 1 (sangat tidak setuju) sampai 6 (sangat tidak setuju), peneliti menemukan perbedaan skor rata-rata nilai nasional yang tidak signifikan antara dewasa muda etnis Aceh dan etnis Papua, t(63) = -0,38, p {$>$} 0,05, d = 0.09. Skor rata-rata yang diperoleh cukup tinggi pada kedua kelompok, yaitu di atas 5,3 dari skor maksimal 6.},
  copyright = {Copyright (c) 2021 UNUSIA CONFERENCE},
  language = {en},
  keywords = {Etnis Aceh,Etnis Papua,Nilai Nasional,Pancasila,Separatisme},
  file = {H\:\\kuliah\\zotero\\storage\\2G5NYZRR\\Putri - 2021 - Nilai Nasional Dua Daerah Dengan Histori Gerakan S.pdf}
}

@book{qodir2011kaum,
  title = {Kaum Minoritas Dan Kebebasan Beragama Di Indonesia},
  author = {Qodir, Zuly},
  year = {2011},
  file = {H\:\\kuliah\\zotero\\storage\\4P5VBFPX\\Merayakan_Kebebasan_Beragama_70_Djohan_Effendi_1.pdf}
}

@article{risdiantoPERLINDUNGANTERHADAPKELOMPOK2017,
  title = {{{PERLINDUNGAN TERHADAP KELOMPOK MINORITAS DI INDONESIA DALAM MEWUJUDKAN KEADILAN DAN PERSAMAAN DI HADAPAN HUKUM}}},
  author = {Risdianto, Danang},
  year = {2017},
  month = may,
  journal = {Jurnal Rechts Vinding: Media Pembinaan Hukum Nasional},
  volume = {6},
  number = {1},
  pages = {125},
  issn = {2580-2364, 2089-9009},
  doi = {10.33331/rechtsvinding.v6i1.120},
  abstract = {{$<$}p{$>$}Era reformasi memiliki cita-cita untuk menciptakan demokrasi di seluruh aspek kehidupan, tegaknya kedaulatan hukum dan penghormatan terhadap hak-hak asasi manusia tanpa diskriminasi, namun ironisnya kebebasan di era reformasi justru memunculkan tindak kekerasan dan diskriminasi terhadap kelompok minoritas. Sebagian warga negara Indonesia yang tergolong dalam kelompok minoritas ternyata belum mendapat perhatian yang serius dari pemerintah. Oleh sebab itu perlu diteliti perlindungan hukum apa saja yang telah diberikan oleh Negara terhadap kelompok minoritas di Indonesia. Penelitian ini dilakukan dengan metode yuridis normatif yang dilakukan melalui studi pustaka yang menelaah data sekunder yaitu peraturan perundang-undangan, hasil penelitian, hasil pengkajian dan referensi lainnya yang terkait pengaturan terhadap kelompok minoritas dalam mewujudkan hak asasinya untuk memperoleh keadilan dan persamaan di hadapan hukum. Dari hasil penelitian dapat diketahui bahwa pemerintah saat ini sudah melakukan berbagai upaya untuk melakukan perlindungan hukum terhadap kelompok minoritas. Hal tersebut bisa dilihat dari berbagai regulasi dan kebijakan yang diterbitkan. Perlindungan hukum terhadap hak asasi kelompok minoritas di Indonesia diatur dalam Pasal 28 D dan Pasal 28 I Undang-Undang Dasar 1945, serta tercantum juga di Pasal 3 Ayat (3) Undang-Undang Nomor 39 Tahun 1999 tentang HAM. Sedangkan Pasal 27 Kovenan Internasional Hak-Hak Sipil dan Politik ({$<$}em{$>$}International Covenant and Political Rights{$<$}/em{$>$}) yang telah diratifikasi dengan Undang-Undang Nomor 12 Tahun 2005 mengatur bahwa kelompok minoritas tersebut harus diakui berbagai haknya. Salah satu permasalahan dalam penyelenggaraan hak-hak minoritas di Indonesia adalah lemahnya penegakan hukum dan pembangunan yang berkeadilan serta perlakuan diskriminatif lainnya yang masih sering terjadi kepada mereka. Sudah sepatutnya pemerintah mengedepankan pendekatan berbasis HAM {$<$}em{$>$}(rights based approach) {$<$}/em{$>$}dalam seluruh proses pembangunan program dan kebijakan yang disusun sesuai dengan upaya perlindungan serta pemenuhan hak-hak kelompok minoritas.{$<$}/p{$>$}},
  file = {H\:\\kuliah\\zotero\\storage\\CWP95FU5\\Risdianto - 2017 - PERLINDUNGAN TERHADAP KELOMPOK MINORITAS DI INDONE.pdf}
}

@article{sariInternalisationProcessPattern2019,
  title = {The {{Internalisation Process}} and {{Pattern}} on {{Ideology Ethnonationalism}} from {{Five Leaders}} of the {{Free Aceh Movement}} to {{Their Children}}},
  author = {Sari, Cut Maya Aprita and Hasan, Effendi and Syahbandir, Mahdi},
  year = {2019},
  journal = {International Journal of Innovation},
  volume = {7},
  number = {8},
  pages = {16},
  abstract = {Ethnonationalism was an ideology of the Free Aceh Movement (GAM) and became a value and belief of its members to establish the free Aceh. After the MoU Helsinki Peace Agreement, the existence of the ideology was questionable. Therefore, the question of this research is whether ethnonationalism is still entrenched and transferred to the member's children or whether the ideology disappeared with the disbandment of GAM. This study discusses the internalisation pattern of parental socialisation on ethnonationalism applied by parents who were members of the Free Aceh Movement (GAM) to their children. This research uses an exploratory qualitative method through in-depth interviews purposively with five leaders of GAM. The research question is answered by analysing an ideology internalisation process and pattern based on Baumrind (1971) in the Murray \& Mulvaney (2012) model. This research finds that there are two dominant patterns applied by the parents in socialising the ideology: permissive and authoritative. The ideology internalisation process occurs in three steps: introduction, understanding, and internalisation. Although having different patterns, the parents use similar socialisation media such as the great history of Aceh, to arouse their children's ethnonationalism.},
  language = {en},
  file = {H\:\\kuliah\\zotero\\storage\\TAYZMFA9\\Sari et al. - 2019 - The Internalisation Process and Pattern on Ideolog.pdf}
}

@book{smithNationalism1994,
  title = {Nationalism},
  author = {Smith, Anthony Douglas and Hutchinson, John and Smith, Anthony D.},
  year = {1994},
  publisher = {{Oxford University Press}},
  abstract = {Introduction I The Question of Definition Introduction 1 Qu'est-ce qu'une nation? Ernest Renan 2 The Nation Joseph Stalin 3 The Nation Max Weber 4 Nationalism and Social Communication Karl W. Deutsch 5 Primordial and Civic Ties Clifford Geertz 6 The Nation as Power-Container Anthony Giddens 7 A Nation is a Nation, is a State, is an Ethnic Group, is a ... Walker Connor II Theories of Nationalism Introduction 8 Nationalism and Self-Determination Elie Kedourie 9 Nationalism and Modernization Ernest Gellner 10 Nationalism and High Cultures Ernest Gellner 11 The Maladies of Development Tom Nairn 12 The Nation as Invented Tradition Eric Hobsbawm 13 Elite Competition and Nation-Formation Paul R. Brass 14 Imagined Communities Benedict Anderson 15 A Socio-Biological Perspective Pierre Van Den Berghe 16 The Sources of Nationalist Ideology John Breuilly 17 The Crisis of Dual Legitimation Anthony D. Smith 18 Cultural Nationalism and Moral Regeneration John Hutchinson III The Rise of Nations Introduction 19 Old and New Nations Hugh Seton-Watson 20 Regnal Sentiments and Medieval Communities Susan Reynolds 21 Nations before Nationalism John Armstrong 22 The Origins of Nations Anthony D. Smith 23 When is a Nation? Walker Connor VI Nationalism In Europe Introduction 24 Western and Eastern Nationalisms Hans Kohn 25 Liah Greenfeld, Types of European Nationalism 26 Nationalism in Eastern Europe Peter Sugar 27 The Rise of Ethno-Linguistic Nationalisms Eric Hobsbawm 28 Ethno-Regional Movements in the West Michael Hechter and Margaret Levi V Nationalism outside Europe Introduction 29 Creole Pioneers of Nationalism Benedict Anderson 30 Dark Gods and their Rites Elie Kedourie 31 National History and its Exclusions Partha Chatterjee 32 Islam and Nationalism Francis Robinson 33 Ideologies of Delayed Development Mary Matossian 34 The Colonial Construction of African Nations Crawford Young 35 State and Nation in African Thought Benyamin Neurberger 36 Economic Nationalism in New States Harry Johnson VI Nationalism and the International System Introduction 37 Three Phases of Nationalism Edward H. Carr 38 The Rise of the Nation-State System Alfred Cobban 39 Europe and the International State System Charles Tilly 40 War and Nations Michael Howard 41 Ethnic Conflict in the West Arend Lijphart 42 The Logic of Secessions Donald Horowitz 43 Irredentist and Secessionist Challenges James Mayall 44 Towards a Post-Communist World John Armstrong VII Beyond Nationalism? Introduction 45 Ethnic Nationalism and Post-Industrialism Anthony H. Richmond 46 Reasserting the Polyethnic Norm William H. McNeill 47 Narrating the Nation Homi Bhabha 48 Women and the Nation-State Floya Anthias and Nira Yuval-Davis 49 Europeanness: A New Cultural Battlefield? Philip Schlesinger Notes Select Bibliography Biographical Notes Acknowledgements Index.},
  googlebooks = {FjqcAQAAQBAJ},
  isbn = {978-0-19-289260-7},
  language = {en},
  keywords = {Political Science / Political Ideologies / Nationalism \& Patriotism}
}

@book{smithNationalismModernism1998,
  title = {Nationalism and {{Modernism}}},
  author = {Smith, Prof Anthony D. and Smith, Anthony},
  year = {1998},
  month = oct,
  publisher = {{Routledge}},
  address = {{London}},
  doi = {10.4324/9780203167960},
  abstract = {The first major study in over three decades to explore the essential arguments of all the major theoretical interpretations of nationalism, from the modernist approaches of Gellner, Nairn, Breuilly, Giddens and Hobsbawm to the alternative paradigms of van den Bergh and Geertz, Armstrong and Smith himself.  In a style accessible to the student and the general reader Smith traces the changing view of this hotly discussed topic within the current political, cultural and socioeconomic arena. He also analyses the contributions of such historians, sociologists and political scientists as Seton-Watson, Reynolds, Hastings, Horowitz and Brass. The survey concludes with an analysis of post-modern approaches to national identity, gender and nation, making it indispensable reading to all those interested in gaining full and authoritative knowledge of nationalism.},
  isbn = {978-0-203-16796-0},
  file = {C\:\\Users\\PERSONAL\\Downloads\\Documents\\Prof Anthony D Smith, Anthony Smith - Nationalism and modernism_ a critical survey of recent theories of nations and nationalism (1998, Routledge) - libgen.lc.pdf}
}

@article{sulistiyonoNasionalismeNegaraBangsaDan2018,
  title = {{Nasionalisme, Negara-Bangsa, dan Integrasi Nasional Indonesia: Masih Perlukah?}},
  shorttitle = {{Nasionalisme, Negara-Bangsa, dan Integrasi Nasional Indonesia}},
  author = {Sulistiyono, Singgih Tri},
  year = {2018},
  month = mar,
  journal = {Jurnal Sejarah Citra Lekha},
  volume = {3},
  number = {1},
  pages = {3},
  issn = {2443-0110},
  doi = {10.14710/jscl.v3i1.17912},
  abstract = {This article based on small and trivial statements but actually has a very basic content that is often raised by some of the younger generations about the lack of importance of nationalism, nation-state and national integration of Indonesia. Perhaps such a statement is a reflection of the mood of thinking and taste of the young generation who are the mile-generation immersed in the euphoria of globalization and the advances in technology and communications and information that make the world like a village, often referred to as a 'global village'. Depart from that reality, this article aims to reflect the understanding of nationalism, nation-state, and national integration, utilizing previous studies conducted by the experts.},
  language = {id},
  file = {H\:\\kuliah\\zotero\\storage\\T3QFVIC6\\Sulistiyono - 2018 - Nasionalisme, Negara-Bangsa, dan Integrasi Nasiona.pdf}
}

@article{trajanoEthnicNationalismSeparatism2010,
  title = {Ethnic {{Nationalism}} and {{Separatism}} in {{West Papua}}, {{Indonesia}}},
  author = {Trajano, Julius Cesar I},
  year = {2010},
  journal = {Conflict and Development},
  number = {16},
  pages = {24},
  abstract = {This paper examines the political and socioeconomic causes of ethnic secessionism and conflicts in West Papua. It argues that a number of political and socioeconomic factors compelled the West Papuans to launch their armed struggles for self-determination and strengthened their ethnic nationalist sentiment. It attempts to analyze and explicate the relationship between the political and socioeconomic problems besetting West Papua and ethnic secessionism in that province. Lack of basic and social services, exploitation of their natural resources, weakening of local institutions, erosion of traditional culture and norms, uneven distribution of wealth, military atrocities, and discrimination, among others, have compelled the West Papuans to conduct anti-Indonesia, separatist activities and have reinforced their ethnic nationalist claims. Political and socioeconomic problems are among the sources of discontent and distrust that gave birth to the current rebellion in West Papua. Despite its abundant natural resources, West Papua is among the poorest provinces in the country. Widespread poverty and starvation in West Papua have been caused by the exploitative activities of transnational corporations as well as by the Indonesian central government. The policies of the Indonesian government give rise to appalling socioeconomic realities in that region. Horrendous political and socioeconomic realities in their homeland have compelled the West Papuans to secede from the Indonesian unitary state. Ethnic nationalism has prompted them to defend their political and socioeconomic rights. In some multiethnic states such as Indonesia, ethnic nationalism is the response of ethnic groups to situations of ethnic-structural inequality and uneven development. The common feeling among the West Papuans is that instead of getting a fair share from the enormous revenues earned by TNCs and by the central government, they suffer starvation, marginalization, and military atrocities. Consequently, the West Papuans perceive that their communities are being plundered, exploited, and treated unjustly by the Indonesians. In conclusion, the resistance and armed struggle of the West Papuans have been induced by the political and socioeconomic impact of Indonesian rule over their communities.},
  language = {en},
  file = {H\:\\kuliah\\zotero\\storage\\52HZF87N\\Trajano - 2010 - Ethnic Nationalism and Separatism in West Papua, I.pdf}
}

@misc{UndangUndangNomor391999,
  title = {{Undang-Undang nomor 39 tahun 1999}},
  year = {1999},
  number = {39},
  pages = {45},
  language = {id},
  file = {H\:\\kuliah\\zotero\\storage\\SXPXSU33\\UNDANG UNDANG REPUBLIK INDONESIA.pdf}
}


