
@article{ahmadiTracesOppressionTrauma2021,
  title = {The {{Traces}} of {{Oppression}} and {{Trauma}} to {{Ethnic Minorities}} in {{Indonesia Who Experienced Rape}} on the 12 {{May}} 1998 {{Tragedy}}: {{A Review}} of {{Literature}}},
  shorttitle = {The {{Traces}} of {{Oppression}} and {{Trauma}} to {{Ethnic Minorities}} in {{Indonesia Who Experienced Rape}} on the 12 {{May}} 1998 {{Tragedy}}},
  author = {Ahmadi, Anas},
  year = {2021},
  month = mar,
  journal = {Journal of Ethnic and Cultural Studies},
  volume = {8},
  number = {2},
  pages = {126},
  issn = {2149-1291},
  doi = {10.29333/ejecs/744},
  abstract = {This study explores oppression and trauma to ethnic Chinese minority women in Indonesia who experienced rape on the 12 May 1998 tragedy through literary data. The research method used was qualitative-narrative. The data source used was a novel titled Mei Merah (MM). The data analysis technique was carried out through stages that identified literary texts related to women's oppression from ethnic minorities; clarification of literary texts related to the oppression of women from ethnic minorities; data exposure; and data validation. The results show that ethnic Chinese women in Indonesia who experienced rape undergo trauma, impacting their psychological conditions. This was shown through Humaira, the novel's character, who experienced a phase of trauma, a phase of madness, and a phase of suicide due to rape. It happened because of a profound traumatic experience. Moreover, ethnic minority women who are raped often go abroad to remove traces because they feel ashamed and traumatized by being raped.},
  language = {en},
  file = {H\:\\kuliah\\zotero\\storage\\EXE92QJ4\\Ahmadi - 2021 - The Traces of Oppression and Trauma to Ethnic Mino.pdf}
}

@book{birchNationalismNationalIntegration1989,
  title = {Nationalism and National Integration},
  author = {Birch, Anthony Harold},
  year = {1989},
  publisher = {{London ; Boston : Unwin Hyman}},
  abstract = {xi, 253 p. ; 22 cm; Bibliography: p. [239]-247; Includes index},
  collaborator = {{Internet Archive}},
  isbn = {978-0-04-320180-0 978-0-04-320181-7},
  language = {eng},
  keywords = {Nationalism}
}

@book{brownShortHistoryIndonesia2003,
  title = {A Short History of {{Indonesia}}: The Unlikely Nation?},
  shorttitle = {A Short History of {{Indonesia}}},
  author = {Brown, Colin},
  year = {2003},
  series = {Short History of {{Asia}} Series},
  publisher = {{Allen \& Unwin}},
  address = {{Crows Nest, N.S.W}},
  isbn = {978-1-86508-838-9},
  language = {en},
  lccn = {DS634 .B67 2003},
  keywords = {History,Indonesia},
  annotation = {OCLC: ocm52900720},
  file = {H\:\\kuliah\\zotero\\storage\\CV4K8U76\\Brown - 2003 - A short history of Indonesia the unlikely nation.pdf}
}

@article{ciptoGerakanSeparatisDan2016,
  title = {{Gerakan Separatis dan Dampaknya Terhadap Pengembangan Demokrasi}},
  author = {Cipto, Bambang},
  year = {2016},
  month = jul,
  journal = {UNISIA},
  volume = {0},
  number = {47},
  issn = {0215-1421},
  doi = {10.20885/unisia.vol26.iss47.art2},
  abstract = {A long Asia continent, from Turk, Indonesia, up to Papua\^A~ New Guinea, believed as the fertile land for the seeds of separatism. The keywords for such problem is actually\^A~ the injustice. Means, injustice between majority and minority, also, injustice between big countries and the small ones. The solution\^A~ needed is, democratization in the mean of the ability of the government to accommodate the needs of \^A~all people. When \^A~the attention of the government is only addressed for particular group of people, the spirit for separatisms is absolutely cannot be extinguished.},
  language = {id},
  file = {H\:\\kuliah\\zotero\\storage\\YBDJL22Y\\Cipto - 2016 - Gerakan Separatis dan Dampaknya Terhadap Pengemban.pdf;H\:\\kuliah\\zotero\\storage\\Z9NZTKRR\\5266.html}
}

@article{damanhuriIMPLEMENTASINILAINILAIPANCASILA2016,
  title = {{{IMPLEMENTASI NILAI}}-{{NILAI PANCASILA SEBAGAI UPAYA PEMBANGUNAN KARAKTER BANGSA}}},
  author = {Damanhuri, Damanhuri and Bahrudin, Febrian Alwan and Legiani, Wika Hardika and Rahman, Ikman Nur},
  year = {2016},
  month = dec,
  journal = {Untirta Civic Education Journal},
  volume = {1},
  number = {2},
  issn = {2541-6693},
  doi = {10.30870/ucej.v1i2.1890},
  file = {H\:\\kuliah\\zotero\\storage\\DBDA32KY\\Damanhuri et al. - 2016 - IMPLEMENTASI NILAI-NILAI PANCASILA SEBAGAI UPAYA P.pdf}
}

@book{deshainiPERANANDANKETERLIBATAN2017,
  title = {{PERANAN DAN KETERLIBATAN MAHASISWA DALAM GERAKAN ANTI KORUPSI}},
  author = {Deshaini, Liza},
  year = {2017},
  month = nov,
  abstract = {Selama ini korupsi lebih banyak dimaklumi oleh berbagai pihak daripada
 memberantasnya, padahal tindak pidana korupsi adalah salah satu jenis kejahatan yang dapat
 menyentuh berbagai kepentingan yang menyangkut hak asasi, ideologi negara, perekonomian,
 keuangan negara, moral bangsa dan sebagainya, yang merupakan perilaku jahat yang cenderung
 sulit untuk ditanggulangi. Sulitnya penanggulangan tindak pidana korupsi terlihat dari banyak
 diputusbebaskannya terdakwa kasus tindak pidana korupsi atau minimnya pidana yang
 ditanggung oleh terdakwa yang tidak sebanding dengan apa yang dilakukannya. Hal ini sangat
 merugikan negara dan menghambat pembangunan bangsa. Jika ini terjadi terus menerus dalam
 jangka waktu yang lama, dapat meniadakan rasa keadilan dan rasa kepercayaan atas hukum dan
 peraturan perundang-undangan oleh warga negara. Tujuan penelitian adalah menumbuhkan
 sikap anti korupsi kepada mahasiswa, metode penelitian yang dipergunakan adalah penelitian
 normatif yang dilakukan dengan cara meneliti bahan pustaka atau data sekunder yang mencakup
 bahan hukum primer dan bahan hokum sekunder. Peranan mahasiswa dalam gerakan anti korupsi
 adalah mampu menjadi agen perubahan, mampu menyuarakan kepentingan rakyat, mampu
 mengkritisi kebijakan-kebijakan yang koruptif mampu menjadi watch dog (anjing penjaga)
 lembaga-lembaga negara dan penegak hukum dan keterlibatan mahasiswa dalam gerakan anti
 korupsi adalah di lingkungan keluarga, di lingkungan kampus, di masyarakat sekitar, di tingkat
 lokal/nasional.},
  isbn = {978-602-450-211-9},
  language = {other},
  annotation = {Accepted: 2018-11-06T05:48:36Z},
  file = {H\:\\kuliah\\zotero\\storage\\2E495XP2\\Deshaini and Oktarina - 2017 - Sekolah Tinggi Ilmu Hukum Sumpah Pemuda Palembang .pdf;H\:\\kuliah\\zotero\\storage\\IE9R6DGT\\11520.html}
}

@article{deshainiSekolahTinggiIlmu2017,
  title = {{Sekolah Tinggi Ilmu Hukum Sumpah Pemuda Palembang evioktarina255@gmail.com}},
  author = {Deshaini, Liza and Oktarina, Evi},
  year = {2017},
  pages = {12},
  abstract = {All this time, corruption is more tolerated by various sides rather than to wipe it out. Whereas criminal act of corruption is a kind of criminality that can reach various interests related to the fundamental rights, nation ideology, economy, nation morality, etc. That constitutes bad behaviour that tends to be difficult to overcome. The overcoming difficulty of the act of corruption is seen from the great quantities of the act of corruption accuseds which are given verdict of free or the minimum punishment. For the accused which is unequal to what he did. This matter is very adverse the nation and abstruct the national developments. If it happens continously for long time, it can abolish justice sense and belief upon the law and the constitutional regulation by the national. The objective of this research was to grow the attitude of anti-corruption to the university students, the research methode used was normative research which was conducted by researching the book material or secondary data which included primer and secondary law material. The role of the university students in anti-corruption motion is able to be the agent of change, is able to express the people interests, is able to criticize the corruptive policies, is able to be the watch dog for the institution of the nation and the law upholder and the university students involvement in the anti-corruption motion is in family environment, in campus environment, in surrounding people, in local/national level.},
  language = {id}
}

@article{elson2008idea,
  title = {The Idea of Indonesia: {{A}} History},
  author = {Elson, Robert Edward},
  year = {2008},
  publisher = {{Cambridge University Press}}
}

@misc{f.isnaeniSejarahPeringatanHari2018,
  title = {{Sejarah Peringatan Hari Lahir Pancasila}},
  author = {F. Isnaeni, Hendri},
  year = {2018},
  month = jun,
  journal = {Historia - Majalah Sejarah Populer Pertama di Indonesia},
  abstract = {Hari Lahir Pancasila diperingati di antaranya karena D.N. Aidit mempertanyakan Pancasila sebagai dasar negara.},
  chapter = {Politik},
  howpublished = {https://historia.id/politik/articles/sejarah-peringatan-hari-lahir-pancasila-DBKmB},
  language = {id-ID},
  file = {H\:\\kuliah\\zotero\\storage\\9J2IPALM\\1.html}
}

@article{haasWhatNationalismWhy1986,
  title = {What Is Nationalism and Why Should We Study It?},
  author = {Haas, Ernst B.},
  year = {1986},
  journal = {International Organization},
  volume = {40},
  number = {3},
  pages = {707--744},
  issn = {0020-8183, 1531-5088},
  doi = {10.1017/S0020818300027326},
  language = {en},
  file = {C\:\\Users\\PERSONAL\\Downloads\\Documents\\haas1986.pdf}
}

@article{habibiDoktrinisasiKorupsiProgram2018,
  title = {Doktrinisasi {{Anti Korupsi}} ({{Program Perguruan Tinggi Menanamkan Semangat Anti Korupsi Ke Alam Bawah Sadar Mahasiswa}})},
  author = {Habibi, Andrian},
  year = {2018},
  month = apr,
  journal = {SALAM: Jurnal Sosial dan Budaya Syar-i},
  volume = {5},
  number = {1},
  pages = {25--36},
  issn = {2654-9050, 2356-1459},
  doi = {10.15408/sjsbs.v5i1.7903},
  abstract = {Abstract: Destructive corruption has been used since small things. The process of corrupt soul cultivation is beginning to grow in students from the practice of reducing time, playing value, lobbying for tuition fees and / or student activities as well as other small things. Little by little corruption is present as an understandable part. The prospective corruptor program that is accidentally or unconsciously is carried out repeatedly by the next generation who are studying in a college or student organization. Therefore it is necessary to have an anti-corruption education system that is more subtle and unnoticed by students. The Anti-Corruption Doctrine Program is one of the choices of various ways that have been made to reduce the corruptive soul. Doctrinal planting through the process of brainwashing to the subconscious of students to gradually reject corrupt behavior and hate corruptors. Therefore, it is important for universities to form special teams to instill anti-corruption thinking in students. The aim is to create students who unwittingly live life in a culture of resistance to corruption and stop the growth of corrupt seeds. Keywords: Corruption, Doctrinization, Hating Corruption   Abstrak:  Korupsi alat perusak yang sudah terbiasa dilakukan sejak dari hal kecil. Proses pembenihan jiwa korup mulai tumbuh pada mahasiswa dari praktik mengurangi waktu, memainkan nilai, lobby uang kuliah dan/atau kegiatan mahasiswa serta hal kecil lainnya. Sedikit demi sedikit korupsi hadir sebagai bagian yang dimaklumi. Program calon koruptor yang tidak sengaja atau tidak sadar dilakukan secara berulang oleh generasi penerus yang sedang belajar di perguruan tinggi atau organisasi kemahasiswaan. Karenanya perlu adanya sistem pendidikan anti korupsi yang lebih halus dan tanpa disadari oleh peserta didik. Program Doktrin Anti Korupsi merupakan salah satu pilihan dari pelbagai banyak cara yang sudah dibuat untuk mengurangi jiwa koruptif. Penanaman doktrin melalui proses pencucian otak hingga alam bawah sadar peserta didik agar secara bertahap menolak perilaku koruptif dan membenci koruptor. Oleh karena itu, Perguruan Tinggi penting membentuk tim khusus untuk menanamkan pemikiran anti korupsi kepada mahasiswa. Tujuannya agar tercipta mahasiswa yang tanpa sadar menjalani hidup dalam budaya perlawanan kepada korupsi dan menghentikan tumbuhnya bibit-bibit koruptor. Kata Kunci: Korupsi, Doktrinisasi, Membenci Korupsi~DOI:~10.15408/sjsbs.v5i1.7903},
  file = {H\:\\kuliah\\zotero\\storage\\DLBAWFBB\\Habibi - 2018 - Doktrinisasi Anti Korupsi (Program Perguruan Tingg.pdf}
}

@book{hattaCooperativeMovementIndonesia1957,
  title = {The Co-Operative Movement in {{Indonesia}}},
  author = {Hatta, Mohammad},
  year = {1957},
  publisher = {{Ithaca, N.Y., Cornell University Press}},
  abstract = {"Based upon six key addresses relating to the co-operative movement made by Vice-President Hatta during the past six years."; Published under the auspices of the modern Indonesia Project, Southeast Asia Program, Cornell University},
  collaborator = {{Internet Archive}},
  language = {eng},
  keywords = {Cooperation}
}

@misc{hidayatRUUCiptaKerja2020,
  title = {{{RUU Cipta Kerja Dinilai Gak Nyambung}} Dengan {{Masalah Utama Investasi}}},
  author = {Hidayat, Ali Akhmad Noor},
  year = {2020},
  month = oct,
  journal = {Tempo},
  abstract = {Teguh Surya mengatakan poin-poin yang ditetapkan dalam  RUU Cipta Kerja tidak menyentuh akar masalah investasi.},
  chapter = {bisnis},
  howpublished = {https://bisnis.tempo.co/read/1392842/ruu-cipta-kerja-dinilai-gak-nyambung-dengan-masalah-utama-investasi},
  language = {en},
  file = {H\:\\kuliah\\zotero\\storage\\EDI3M67L\\full&view=ok.html}
}

@incollection{honnaSecurityChallengesMilitary2013,
  title = {Security {{Challenges}} and {{Military Reform}} in {{Post}}-Authoritarian {{Indonesia}}: {{The Impact}} of {{Separatism}}, {{Terrorism}}, and {{Communal Violence}}},
  shorttitle = {Security {{Challenges}} and {{Military Reform}} in {{Post}}-Authoritarian {{Indonesia}}},
  booktitle = {The {{Politics}} of {{Military Reform}}},
  author = {Honna, Jun},
  editor = {R{\"u}land, J{\"u}rgen and Manea, Maria-Gabriela and Born, Hans},
  year = {2013},
  pages = {185--199},
  publisher = {{Springer Berlin Heidelberg}},
  address = {{Berlin, Heidelberg}},
  doi = {10.1007/978-3-642-29624-6_9},
  isbn = {978-3-642-29623-9 978-3-642-29624-6},
  language = {en},
  file = {H\:\\kuliah\\zotero\\storage\\7UVD524R\\Honna - 2013 - Security Challenges and Military Reform in Post-au.pdf}
}

@article{jazimahMALARIStudiGerakan2013,
  title = {{{MALARI}}: {{Studi Gerakan Mahasiswa Masa Orde Baru}}},
  shorttitle = {{{MALARI}}},
  author = {Jazimah, Ipong},
  year = {2013},
  month = jan,
  journal = {AGASTYA: JURNAL SEJARAH DAN PEMBELAJARANNYA},
  volume = {3},
  number = {01},
  issn = {2502-2857, 2087-8907},
  doi = {10.25273/ajsp.v3i01.902},
  abstract = {{$<$}p{$>$}Penelitian ini bertujuan untuk mengungkap: 1) latar belakang terjadinya Peristiwa Malaria 1974; 2) Kronologi peristiwa Malaria 1974; dan 3) Dampak yang ditimbulkan dari peristiwa Malaria 1974 menyangkut kebijakan pemerintah terhadap kegiatan mahasiswa di kampus. Penelitian ini merupakan penelitian sejarah yang tahapannya meliputi heuristik, kritik sumber (verifikasi), interpretasi dan penyajian (historiografi). Sumber yang akan dipakai dapat dibedakan menjadi dua yaitu sumber primer dan sekunder. Sumber primer yang digunakan adalah koran sejaman, sementara sumber sekunder adalah buku-buku yang ditulis oleh sejarawan berikutnya. Peristiwa Malari bisa dikatakan sebagai titik awal perlawanan terhadap Soeharto secara besar-besaran, ditandai dengan adanya aksi pembakaran, perusakan, dan kerusuhan yang menyebabkan beberapa korban meninggal dan luka-luka.~ Sebelum Malari memang telah ada aksi mahasiswa menggugat, aksi Golongan Putih dan sebagainya. Tetapi tidak mampu mengikutsertakan massa dalam jumlah yang cukup signifikan. Namun peristiwa Malari bagi generasi muda yang lahir pada tahun 1973 tidak cukup dikenal dengan baik. Bagi mereka, peristiwa Malari adalah ``Peristiwa ribut-ribut di Monas''. Ada juga yang melihat peristiwa Malari sebagai konspirasi para jenderal yang tidak memiliki sandaran politik dalam struktur kala itu, dengan memakai mahasiswa untuk dijadikan alat politik terhadap para petinggi Orde Baru saat itu. Apa pun yang dikatakan oleh generasi muda, namun bagi para pelaku Malari, peristiwa Malapetaka 15 Januari itu adalah momentum awal memanfaatkan kontradiksi di kalangan militer untuk mempertajam kekuatan-kekuataan pro status quo dengan kekuatan yang pro perubahan bagi kepentingan rakyat banyak.{$<$}/p{$>$}},
  file = {H\:\\kuliah\\zotero\\storage\\RCIQF2EC\\Jazimah - 2013 - MALARI Studi Gerakan Mahasiswa Masa Orde Baru.pdf}
}

@article{kahinMemoriamMohammadHatta1980,
  title = {In {{Memoriam}}: {{Mohammad Hatta}} (1902 -- 1980)},
  shorttitle = {In {{Memoriam}}},
  author = {Kahin, George McT},
  year = {1980},
  month = oct,
  publisher = {{Cornell University Southeast Asia Program}},
  abstract = {Page range: 113-120},
  language = {en\_US},
  annotation = {Accepted: 2017-11-01T18:55:06Z},
  file = {H\:\\kuliah\\zotero\\storage\\Y7DH6YSG\\INDO_30_0_1107014416_113_120.pdf;H\:\\kuliah\\zotero\\storage\\YJ7YET23\\53706.html}
}

@book{korupsiMemahamiUntukMembasmi,
  title = {{Memahami Untuk Membasmi: Buku Panduan untuk Memahami Tindak Pidana Korupsi}},
  author = {Korupsi, Komisi Pemberantasan},
  publisher = {{Komisi Pemberantasan Korupsi}},
  language = {id},
  file = {H\:\\kuliah\\zotero\\storage\\S6L6MVFH\\Indarta - Memahami untuk Membasmi-Buku Panduan.pdf}
}

@misc{mediaFaktafaktaPentingDi2021,
  title = {{Fakta-fakta Penting di Balik Hari Lahir Pancasila 1 Juni Halaman all}},
  author = {Media, Kompas Cyber},
  year = {2021},
  month = may,
  journal = {KOMPAS.com},
  abstract = {Dari pidato Soekarno di gedung Pancasila, hingga peringatannya yang sempat hampir hilang di masa orde baru. Ini fakta-fakta Hari Lahir Pancasila. Halaman all},
  howpublished = {https://www.kompas.com/tren/read/2021/05/31/204500965/fakta-fakta-penting-di-balik-hari-lahir-pancasila-1-juni},
  language = {id},
  file = {H\:\\kuliah\\zotero\\storage\\EG32N2EV\\fakta-fakta-penting-di-balik-hari-lahir-pancasila-1-juni.html}
}

@misc{mediaRekamJejakPembahasan2020,
  title = {{Rekam Jejak Pembahasan Omnibus Law UU Cipta Kerja hingga Disahkan Halaman all}},
  author = {Media, Kompas Cyber},
  year = {2020},
  month = oct,
  journal = {KOMPAS.com},
  abstract = {Perjalanan pembahasan Omnibus Law RUU Cipta Kerja hingga akhirnya disahkan menjadi Undang-undang. Unduh draft RUU di sini Halaman all},
  howpublished = {https://www.kompas.com/tren/read/2020/10/05/210012965/rekam-jejak-pembahasan-omnibus-law-uu-cipta-kerja-hingga-disahkan},
  language = {id},
  file = {H\:\\kuliah\\zotero\\storage\\V9KU4IPC\\rekam-jejak-pembahasan-omnibus-law-uu-cipta-kerja-hingga-disahkan.html}
}

@article{muqsithUUOmnibusLaw2020,
  title = {{{UU Omnibus}} Law Yang {{Kontroversial}}},
  author = {Muqsith, Munadhil Abdul},
  year = {2020},
  month = oct,
  journal = {'ADALAH},
  volume = {4},
  number = {3},
  issn = {2338-4638, 2338-4638},
  doi = {10.15408/adalah.v4i3.17926},
  abstract = {Abstract:In the midst of concern in dealing with the 2019 Corona Virus Disease (COVID-19) pandemic, the Indonesian House of Representatives (DPR) passed the Omnibus Law on the Job Creation Bill (Ciptaker) at the plenary session of the closing session of the trial period I for the 2020-2021 Session Year on October 5, 2020. Two of the nine Party factions rejected the ratification, namely the Prosperous Kedilan Party (PKS) and the Democrat Party (PD). Since it was passed by the DPR, currently, the hot ball is with the President. The President has 30 days to suppress or not press in accordance with Article 73 of Law No. 12 of 2011 on the formation of legislation. Of course, the public is anxiously awaiting the President's choice.Keyword: Omnibus law, Controversy~~Abstrak:Di tengah keprihatinan dalam menghadapi pandemi Corona Virus Disease 2019 (COVID-19), Dewan Perwakilan Rakyat (DPR) RI mengesahkan Omnibus Law RUU Cipta Kerja (Ciptaker) pada Rapat paripurna sidang penutupan masa persidangan I Tahun Sidang 2020-2021 pada 5 Oktober 2020. Dua dari sembilan fraksi Partai menolak pengesahan yakni Fraksi Partai Kedilan Sejahtera (PKS), Fraksi Partai Demokrat (PD). Sejak di sahkan DPR, saat ini, bola panas ada di Presiden. Presiden punya waktu selama 30 hari untuk menekan atau tidak menekan sesuai Pasal 73 UU No 12 Tahun 2011 tentang pembentukan perundang-undangan. Tentunya publik harap-harap cemas menunggu pilihan Presiden.Kata Kunci: Omnibus Law, Controversial},
  file = {H\:\\kuliah\\zotero\\storage\\AHAHMW2F\\Muqsith - 2020 - UU Omnibus law yang Kontroversial.pdf}
}

@misc{mustindaRUUCiptaKerja,
  title = {{RUU Cipta Kerja Omnibus Law Disahkan DPR 8 Oktober, Ini Fakta-faktanya}},
  author = {Mustinda, Lusiana},
  journal = {detiknews},
  abstract = {RUU Cipta Kerja Omnibus Law telah selesai dibahas DPR dan pemerintah. Pada Kamis depan akan disahkan di Paripurna DPR.},
  howpublished = {https://news.detik.com/berita/d-5199415/ruu-cipta-kerja-omnibus-law-disahkan-dpr-8-oktober-ini-fakta-faktanya},
  language = {id-ID},
  file = {H\:\\kuliah\\zotero\\storage\\KL8A7MMI\\ruu-cipta-kerja-omnibus-law-disahkan-dpr-8-oktober-ini-fakta-faktanya.html}
}

@misc{najwashihabCeritaKesederhanaanBung2021,
  title = {Cerita {{Kesederhanaan Bung Hatta}}, {{Gak Sembarangan Pakai Uang Rakyat}} - ({{Part}} 1) | {{Mata Najwa}}},
  author = {{Najwa Shihab}},
  year = {2021},
  month = aug,
  abstract = {Bung, Ini Negeri Kita (Part 1)  Bung Hatta, bapak bangsa, sang proklamator, Wakil Presiden pertama Indonesia, menjadi contoh bagi masyarakat Indonesia dengan kesederhanaannya.  Meutia Hatta, anak pertama Wakil Presiden pertama Indonesia menceritakan perjalanan integritas dan kejujuran Mohammad Hatta sepanjang hidupnya yang enggan sedikitpun memakai uang rakyat.   ``Ibu saya mencicil mesin jahit, dan ada pemotongan uang. Ibu saya bilang katanya: `kenapa gak bilang ke saya kalau ada pemotongan uang?' Kata Bung Hatta itu sifatnya rahasia'' kata Meutia Hatta, anak pertama Bung Hatta.  \#MataNajwa \#Kapalapi (Narasi)
 
 Tonton juga Mata Najwa eps. [Bung, Ini Negeri Kita] dan episode lainnya di https://www.narasi.tv atau klik link di bawah. Part 1: https://bit.ly/3gdMiHP Part 2: https://bit.ly/2W7F7K8 Part 3: https://bit.ly/2XFn6Ub Part 4: https://bit.ly/3AKbbTk Part 5: https://bit.ly/3stENRP Part 6: https://bit.ly/3svhAyP Part 7: https://bit.ly/2UvhJWv Jangan lupa subscribe, tinggalkan komentar dan share.
 
 Tonton konten lainnya juga di YouTube Channel:
 - Narasi http://bit.ly/SubscribeYouTubeNarasi
 - Narasi Newsroom http://bit.ly/SubscribeNarasiNewsroom
 - Narasi Entertainment http://bit.ly/SubscribeYTNarasiEntert...
 - Narasi Stories http://bit.ly/SubscribeNarasiStories
 - Narasi Talks http://bit.ly/SubscribeNarasiTalks
 - Narasi Sports http://bit.ly/SubscribeNarasiSports
 
 Jangan lupa subscribe yaa..
 
 Follow:
 https://www.instagram.com/najwashihab
 https://twitter.com/NajwaShihab
 https://www.facebook.com/najwashihabo...}
}

@misc{najwashihabWasiatBungHatta2021,
  title = {Wasiat {{Bung Hatta}}: {{Hidup}} Untuk {{Rakyat}}, {{Tolak Dimakamkan}} Di {{TMP Kalibata}} - ({{Part}} 2) | {{Mata Najwa}}},
  shorttitle = {Wasiat {{Bung Hatta}}},
  author = {{Najwa Shihab}},
  year = {2021},
  month = aug,
  abstract = {Bung, Ini Negeri Kita (Part 2) Selain dikenal sebagai sosok yang sederhana, Bung Hatta juga merupakan sosok yang konsisten dalam memperjuangkan rakyatnya, bahkan sampai akhir hayat. Beliau menulis surat wasiat berisi pesan bahwa dirinya tidak ingin dimakamkan di Taman Makam Pahlawan (TMP) Kalibata. Bung Hatta hanya ingin dimakamkan di tempat pemakaman rakyat biasa.   ``Saya ingin dikubur di tempat kuburan rakyat biasa, yang nasibnya saya perjuangkan seumur hidup saya,'' ucap Meutia Hatta ketika membacakan surat wasiat Bung Hatta. \#MataNajwa \#Kapalapi (Narasi)
 
 Tonton juga Mata Najwa eps. [Bung, Ini Negeri Kita] dan episode lainnya di https://www.narasi.tv atau klik link di bawah. Part 1: https://bit.ly/3gdMiHP Part 2: https://bit.ly/2W7F7K8 Part 3: https://bit.ly/2XFn6Ub Part 4: https://bit.ly/3AKbbTk Part 5: https://bit.ly/3stENRP Part 6: https://bit.ly/3svhAyP Part 7: https://bit.ly/2UvhJWv Jangan lupa subscribe, tinggalkan komentar dan share.
 
 Tonton konten lainnya juga di YouTube Channel:
 - Narasi http://bit.ly/SubscribeYouTubeNarasi
 - Narasi Newsroom http://bit.ly/SubscribeNarasiNewsroom
 - Narasi Entertainment http://bit.ly/SubscribeYTNarasiEntert...
 - Narasi Stories http://bit.ly/SubscribeNarasiStories
 - Narasi Talks http://bit.ly/SubscribeNarasiTalks
 - Narasi Sports http://bit.ly/SubscribeNarasiSports
 
 Jangan lupa subscribe yaa..
 
 Follow:
 https://www.instagram.com/najwashihab
 https://twitter.com/NajwaShihab
 https://www.facebook.com/najwashihabo...}
}

@misc{NaskahPidatoTerkait,
  title = {Naskah {{Pidato Terkait Presiden}} - {{Situs Web Kepustakaan Presiden}}-{{Presiden Republik Indonesia}}},
  howpublished = {https://kepustakaan-presiden.perpusnas.go.id/speech/?box=detail\&id=39\&from\_box=list\_245\&hlm=1\&search\_tag=\&search\_keyword=\&activation\_status=\&presiden\_id=1\&presiden=sukarno},
  file = {H\:\\kuliah\\zotero\\storage\\QUJQZD4C\\speech.html}
}

@article{prawiranegaraPancasilaSoleFoundation1984,
  title = {Pancasila as the {{Sole Foundation}}},
  author = {Prawiranegara, Sjafruddin},
  year = {1984},
  month = oct,
  journal = {Indonesia},
  volume = {38},
  pages = {74},
  issn = {00197289},
  doi = {10.2307/3350846},
  file = {H\:\\kuliah\\zotero\\storage\\5UDLEYHR\\Prawiranegara - 1984 - Pancasila as the Sole Foundation.pdf}
}

@article{putriNilaiNasionalDua2021,
  title = {Nilai {{Nasional Dua Daerah Dengan Histori Gerakan Separatisme}}},
  author = {Putri, Amelia},
  year = {2021},
  month = jun,
  journal = {UNUSIA CONFERENCE},
  volume = {1},
  number = {1},
  pages = {196--206},
  issn = {2797-0248},
  abstract = {Berangkat dari pendekatan latar belakang historis, etnis Aceh dan etnis Papua diketahui memiliki sejarah gerakan separatisme. Etnis Aceh dengan histori Gerakan Aceh Merdeka (GAM), sedangkan etnis Papua dengan histori Organisasi Papua Merdeka (OPM). Hal ini menimbulkan dugaan adanya penurunan nilai nasional di Indonesia. Meski pergerakan tersebut telah dimulai sejak kurang lebih setengah abad yang lalu, penelitian ini ingin menelisik dan membandingkan sejauh mana orang-orang dari etnis Aceh dan Papua pada hari ini, yang direpresentasikan oleh kelompok dewasa muda, berpegang teguh terhadap nilai nasional yang tercermin dari nilai-nilai pancasila. Dengan persamaan historis tersebut, peneliti menduga tidak adanya perbedaan nilai nasional yang signifikan antara etnis Aceh dan etnis Papua. Desain penelitian komparatif ini melibatkan total 63 partisipan yang terdiri dari 32 partisipan dari etnis Aceh dan 31 partisipan dari etnis Papua berusia 18-25 tahun. Peneliti juga menambahkan karakteristik khusus dari partisipan, yaitu setidaknya memiliki ayah yang berasal dari etnis Papua atau etnis Aceh dan atau menghabiskan masa hidupnya secara dominan di wilayah Papua atau Aceh. Untuk mendapatkan partisipan dengan kriteria yang tepat, penelitian ini menggunakan teknik snowball sampling di mana partisipan pertama merujuk rekan atau saudaranya yang sesuai dengan kriteria peneliti sebagai calon partisipan. Dengan menggunakan alat ukur Pancasila Scale berbentuk skala likert dengan rentang dari skor 1 (sangat tidak setuju) sampai 6 (sangat tidak setuju), peneliti menemukan perbedaan skor rata-rata nilai nasional yang tidak signifikan antara dewasa muda etnis Aceh dan etnis Papua, t(63) = -0,38, p {$>$} 0,05, d = 0.09. Skor rata-rata yang diperoleh cukup tinggi pada kedua kelompok, yaitu di atas 5,3 dari skor maksimal 6.},
  copyright = {Copyright (c) 2021 UNUSIA CONFERENCE},
  language = {en},
  keywords = {Etnis Aceh,Etnis Papua,Nilai Nasional,Pancasila,Separatisme},
  file = {H\:\\kuliah\\zotero\\storage\\2G5NYZRR\\Putri - 2021 - Nilai Nasional Dua Daerah Dengan Histori Gerakan S.pdf}
}

@book{qodir2011kaum,
  title = {Kaum Minoritas Dan Kebebasan Beragama Di Indonesia},
  author = {Qodir, Zuly},
  year = {2011},
  file = {H\:\\kuliah\\zotero\\storage\\4P5VBFPX\\Merayakan_Kebebasan_Beragama_70_Djohan_Effendi_1.pdf}
}

@book{ricklefsauth.HistoryModernIndonesia1993,
  title = {A {{History}} of {{Modern Indonesia}} since c. 1300},
  author = {Ricklefs (auth.), M. C.},
  year = {1993},
  publisher = {{Macmillan Education UK}},
  isbn = {978-0-333-57690-8}
}

@article{risdiantoPERLINDUNGANTERHADAPKELOMPOK2017,
  title = {{{PERLINDUNGAN TERHADAP KELOMPOK MINORITAS DI INDONESIA DALAM MEWUJUDKAN KEADILAN DAN PERSAMAAN DI HADAPAN HUKUM}}},
  author = {Risdianto, Danang},
  year = {2017},
  month = may,
  journal = {Jurnal Rechts Vinding: Media Pembinaan Hukum Nasional},
  volume = {6},
  number = {1},
  pages = {125},
  issn = {2580-2364, 2089-9009},
  doi = {10.33331/rechtsvinding.v6i1.120},
  abstract = {{$<$}p{$>$}Era reformasi memiliki cita-cita untuk menciptakan demokrasi di seluruh aspek kehidupan, tegaknya kedaulatan hukum dan penghormatan terhadap hak-hak asasi manusia tanpa diskriminasi, namun ironisnya kebebasan di era reformasi justru memunculkan tindak kekerasan dan diskriminasi terhadap kelompok minoritas. Sebagian warga negara Indonesia yang tergolong dalam kelompok minoritas ternyata belum mendapat perhatian yang serius dari pemerintah. Oleh sebab itu perlu diteliti perlindungan hukum apa saja yang telah diberikan oleh Negara terhadap kelompok minoritas di Indonesia. Penelitian ini dilakukan dengan metode yuridis normatif yang dilakukan melalui studi pustaka yang menelaah data sekunder yaitu peraturan perundang-undangan, hasil penelitian, hasil pengkajian dan referensi lainnya yang terkait pengaturan terhadap kelompok minoritas dalam mewujudkan hak asasinya untuk memperoleh keadilan dan persamaan di hadapan hukum. Dari hasil penelitian dapat diketahui bahwa pemerintah saat ini sudah melakukan berbagai upaya untuk melakukan perlindungan hukum terhadap kelompok minoritas. Hal tersebut bisa dilihat dari berbagai regulasi dan kebijakan yang diterbitkan. Perlindungan hukum terhadap hak asasi kelompok minoritas di Indonesia diatur dalam Pasal 28 D dan Pasal 28 I Undang-Undang Dasar 1945, serta tercantum juga di Pasal 3 Ayat (3) Undang-Undang Nomor 39 Tahun 1999 tentang HAM. Sedangkan Pasal 27 Kovenan Internasional Hak-Hak Sipil dan Politik ({$<$}em{$>$}International Covenant and Political Rights{$<$}/em{$>$}) yang telah diratifikasi dengan Undang-Undang Nomor 12 Tahun 2005 mengatur bahwa kelompok minoritas tersebut harus diakui berbagai haknya. Salah satu permasalahan dalam penyelenggaraan hak-hak minoritas di Indonesia adalah lemahnya penegakan hukum dan pembangunan yang berkeadilan serta perlakuan diskriminatif lainnya yang masih sering terjadi kepada mereka. Sudah sepatutnya pemerintah mengedepankan pendekatan berbasis HAM {$<$}em{$>$}(rights based approach) {$<$}/em{$>$}dalam seluruh proses pembangunan program dan kebijakan yang disusun sesuai dengan upaya perlindungan serta pemenuhan hak-hak kelompok minoritas.{$<$}/p{$>$}},
  file = {H\:\\kuliah\\zotero\\storage\\CWP95FU5\\Risdianto - 2017 - PERLINDUNGAN TERHADAP KELOMPOK MINORITAS DI INDONE.pdf}
}

@article{sariInternalisationProcessPattern2019,
  title = {The {{Internalisation Process}} and {{Pattern}} on {{Ideology Ethnonationalism}} from {{Five Leaders}} of the {{Free Aceh Movement}} to {{Their Children}}},
  author = {Sari, Cut Maya Aprita and Hasan, Effendi and Syahbandir, Mahdi},
  year = {2019},
  journal = {International Journal of Innovation},
  volume = {7},
  number = {8},
  pages = {16},
  abstract = {Ethnonationalism was an ideology of the Free Aceh Movement (GAM) and became a value and belief of its members to establish the free Aceh. After the MoU Helsinki Peace Agreement, the existence of the ideology was questionable. Therefore, the question of this research is whether ethnonationalism is still entrenched and transferred to the member's children or whether the ideology disappeared with the disbandment of GAM. This study discusses the internalisation pattern of parental socialisation on ethnonationalism applied by parents who were members of the Free Aceh Movement (GAM) to their children. This research uses an exploratory qualitative method through in-depth interviews purposively with five leaders of GAM. The research question is answered by analysing an ideology internalisation process and pattern based on Baumrind (1971) in the Murray \& Mulvaney (2012) model. This research finds that there are two dominant patterns applied by the parents in socialising the ideology: permissive and authoritative. The ideology internalisation process occurs in three steps: introduction, understanding, and internalisation. Although having different patterns, the parents use similar socialisation media such as the great history of Aceh, to arouse their children's ethnonationalism.},
  language = {en},
  file = {H\:\\kuliah\\zotero\\storage\\TAYZMFA9\\Sari et al. - 2019 - The Internalisation Process and Pattern on Ideolog.pdf}
}

@misc{SetelahLewatJembatan2012,
  title = {{Setelah Lewat Jembatan Emas}},
  year = {2012},
  month = jun,
  journal = {Historia - Majalah Sejarah Populer Pertama di Indonesia},
  abstract = {Pidato 1 Juni 1945 menetapkan untuk apa kita menjadi sebuah bangsa yang merdeka.},
  chapter = {Politik},
  howpublished = {https://historia.id/politik/articles/setelah-lewat-jembatan-emas-DEEVD},
  language = {id-ID},
  file = {H\:\\kuliah\\zotero\\storage\\FCY7W39Z\\1.html}
}

@book{smithNationalism1994,
  title = {Nationalism},
  author = {Smith, Anthony Douglas and Hutchinson, John and Smith, Anthony D.},
  year = {1994},
  publisher = {{Oxford University Press}},
  abstract = {Introduction I The Question of Definition Introduction 1 Qu'est-ce qu'une nation? Ernest Renan 2 The Nation Joseph Stalin 3 The Nation Max Weber 4 Nationalism and Social Communication Karl W. Deutsch 5 Primordial and Civic Ties Clifford Geertz 6 The Nation as Power-Container Anthony Giddens 7 A Nation is a Nation, is a State, is an Ethnic Group, is a ... Walker Connor II Theories of Nationalism Introduction 8 Nationalism and Self-Determination Elie Kedourie 9 Nationalism and Modernization Ernest Gellner 10 Nationalism and High Cultures Ernest Gellner 11 The Maladies of Development Tom Nairn 12 The Nation as Invented Tradition Eric Hobsbawm 13 Elite Competition and Nation-Formation Paul R. Brass 14 Imagined Communities Benedict Anderson 15 A Socio-Biological Perspective Pierre Van Den Berghe 16 The Sources of Nationalist Ideology John Breuilly 17 The Crisis of Dual Legitimation Anthony D. Smith 18 Cultural Nationalism and Moral Regeneration John Hutchinson III The Rise of Nations Introduction 19 Old and New Nations Hugh Seton-Watson 20 Regnal Sentiments and Medieval Communities Susan Reynolds 21 Nations before Nationalism John Armstrong 22 The Origins of Nations Anthony D. Smith 23 When is a Nation? Walker Connor VI Nationalism In Europe Introduction 24 Western and Eastern Nationalisms Hans Kohn 25 Liah Greenfeld, Types of European Nationalism 26 Nationalism in Eastern Europe Peter Sugar 27 The Rise of Ethno-Linguistic Nationalisms Eric Hobsbawm 28 Ethno-Regional Movements in the West Michael Hechter and Margaret Levi V Nationalism outside Europe Introduction 29 Creole Pioneers of Nationalism Benedict Anderson 30 Dark Gods and their Rites Elie Kedourie 31 National History and its Exclusions Partha Chatterjee 32 Islam and Nationalism Francis Robinson 33 Ideologies of Delayed Development Mary Matossian 34 The Colonial Construction of African Nations Crawford Young 35 State and Nation in African Thought Benyamin Neurberger 36 Economic Nationalism in New States Harry Johnson VI Nationalism and the International System Introduction 37 Three Phases of Nationalism Edward H. Carr 38 The Rise of the Nation-State System Alfred Cobban 39 Europe and the International State System Charles Tilly 40 War and Nations Michael Howard 41 Ethnic Conflict in the West Arend Lijphart 42 The Logic of Secessions Donald Horowitz 43 Irredentist and Secessionist Challenges James Mayall 44 Towards a Post-Communist World John Armstrong VII Beyond Nationalism? Introduction 45 Ethnic Nationalism and Post-Industrialism Anthony H. Richmond 46 Reasserting the Polyethnic Norm William H. McNeill 47 Narrating the Nation Homi Bhabha 48 Women and the Nation-State Floya Anthias and Nira Yuval-Davis 49 Europeanness: A New Cultural Battlefield? Philip Schlesinger Notes Select Bibliography Biographical Notes Acknowledgements Index.},
  googlebooks = {FjqcAQAAQBAJ},
  isbn = {978-0-19-289260-7},
  language = {en},
  keywords = {Political Science / Political Ideologies / Nationalism \& Patriotism}
}

@book{smithNationalismModernism1998,
  title = {Nationalism and {{Modernism}}},
  author = {Smith, Prof Anthony D. and Smith, Anthony},
  year = {1998},
  month = oct,
  publisher = {{Routledge}},
  address = {{London}},
  doi = {10.4324/9780203167960},
  abstract = {The first major study in over three decades to explore the essential arguments of all the major theoretical interpretations of nationalism, from the modernist approaches of Gellner, Nairn, Breuilly, Giddens and Hobsbawm to the alternative paradigms of van den Bergh and Geertz, Armstrong and Smith himself.  In a style accessible to the student and the general reader Smith traces the changing view of this hotly discussed topic within the current political, cultural and socioeconomic arena. He also analyses the contributions of such historians, sociologists and political scientists as Seton-Watson, Reynolds, Hastings, Horowitz and Brass. The survey concludes with an analysis of post-modern approaches to national identity, gender and nation, making it indispensable reading to all those interested in gaining full and authoritative knowledge of nationalism.},
  isbn = {978-0-203-16796-0},
  file = {C\:\\Users\\PERSONAL\\Downloads\\Documents\\Prof Anthony D Smith, Anthony Smith - Nationalism and modernism_ a critical survey of recent theories of nations and nationalism (1998, Routledge) - libgen.lc.pdf}
}

@article{soekarnoLahirnyaPancaSila,
  title = {{Lahirnya Panca Sila}},
  author = {, Soekarno},
  pages = {17},
  language = {id},
  file = {H\:\\kuliah\\zotero\\storage\\RZ5IHX3H\\PIDATO SOEKARNO LAHIRNYA PANCA SILA.pdf}
}

@article{sulistiyonoNasionalismeNegaraBangsaDan2018,
  title = {{Nasionalisme, Negara-Bangsa, dan Integrasi Nasional Indonesia: Masih Perlukah?}},
  shorttitle = {{Nasionalisme, Negara-Bangsa, dan Integrasi Nasional Indonesia}},
  author = {Sulistiyono, Singgih Tri},
  year = {2018},
  month = mar,
  journal = {Jurnal Sejarah Citra Lekha},
  volume = {3},
  number = {1},
  pages = {3},
  issn = {2443-0110},
  doi = {10.14710/jscl.v3i1.17912},
  abstract = {This article based on small and trivial statements but actually has a very basic content that is often raised by some of the younger generations about the lack of importance of nationalism, nation-state and national integration of Indonesia. Perhaps such a statement is a reflection of the mood of thinking and taste of the young generation who are the mile-generation immersed in the euphoria of globalization and the advances in technology and communications and information that make the world like a village, often referred to as a 'global village'. Depart from that reality, this article aims to reflect the understanding of nationalism, nation-state, and national integration, utilizing previous studies conducted by the experts.},
  language = {id},
  file = {H\:\\kuliah\\zotero\\storage\\T3QFVIC6\\Sulistiyono - 2018 - Nasionalisme, Negara-Bangsa, dan Integrasi Nasiona.pdf}
}

@article{suparnoSejarahPerumusanPancasila2017,
  title = {{Sejarah Perumusan Pancasila dalam Hubungannya dengan Proklamasi}},
  author = {Suparno, Darsita},
  year = {2017},
  month = jan,
  publisher = {{Pusat Perpustakaan UIN Syarif Hidayatullah Jakarta}},
  abstract = {Pada zaman Majapahit bidang sastra mengalami perkembangan pesat. Karya sastra yang paling terkenal adalah kitab Negara Kertagama yang ditulis oleh Empu Prapanca pada tahun 1365 M, selain berisi tentang karya sastra, kitab ini merupakan sumber ajaran, falsafah dan berisi pula tentang sejarah Majapahit. Salah satu falsafah atau ajaran yang dipaparkan di dalam kitab itu adalah Pancasila. Kitab lain yang sama penting adalah Arjunawiwaha dan Sutasoma yang ditulis oleh Empu Tantular. Kitab Sutasoma memuat kata-kata yang sekarang menjadi semboyan negara Indonesia, yakni Bhineka Tunggal Ika. Merujuk ajaran yang terdapat di dalam kitab Naegara Kertagama, kini Indonesia menganut sistem pemerintahan demokrasi berdasarkan Pancasila. Bagi bangsa Indonesia, demokrasi yang tepat untuk menjalankan pemerintahan adalah Demokrasi Pancasila. Paham demokrasi itu dianggap oleh rakyat Indonesia sebagai paham yang sesuai dengan kepribadian bangsa yang digali dari tata nilai sosial budaya Indonesia itu sendiri, yang sudah diwariskan sejak zaman Majapahit. Dasar negara Republik Indonesia termaktub di dalam Pembukaan Undang-Undang Dasar 1945 Alinea IV, yakni Pancasila. Dasar hukum itu tertera pula pada ketetapan MPR-RI No XVIII/MPR/1998. Pancasila merupakan landasan yuridis konstitusional dan dapat disebut juga sebagai ideologi negara atau filsafat negara. Pada saat Proklamasi Kemerdekaan Republik Indonesia dinyatakan bahwa bangsa Indonesia memperoleh landasan kehidupan bernegara yang dikenal dengan Undang-Undang Dasar 1945 yang mengandung dasar negara Pancasila. Artinya rumusan Pancasila yang otentik adalah rumusan yang termuat dalam Pembukaan UUD 1945.},
  language = {id},
  annotation = {Accepted: 2017-01-31T02:50:52Z},
  file = {H\:\\kuliah\\zotero\\storage\\WAKKCHHL\\Suparno - 2017 - Sejarah Perumusan Pancasila dalam Hubungannya deng.pdf;H\:\\kuliah\\zotero\\storage\\FY3L4P57\\33981.html}
}

@article{suryaniPENANAMANNILAINILAIKORUPSI,
  title = {{PENANAMAN NILAI-NILAI ANTI KORUPSI DI LEMBAGA PENDIDIKAN PERGURUAN TINGGI SEBAGAI UPAYA PREVENTIF PENCEGAHAN KORUPSI}},
  author = {Suryani, Ita},
  volume = {14},
  number = {02},
  pages = {17},
  abstract = {Student involvement in the eradication of corruption of course not on effort prosecution which is the authority of law enforcement institutions .The role of active student expected more focused on efforts to prevent corruption by joining build anti-corruption culture in the community .Students are expected to participate as an agent of change and the engine of the anti-corruption movement in the community .To be able to play an active role students need knowledge that enough about the details of corruption and the eradication. Anti-corruption education trying to make students can have a clear understanding of problem of corruption that was going on and effort to prevent it.},
  language = {id},
  file = {H\:\\kuliah\\zotero\\storage\\W65JTBT7\\Suryani - PENANAMAN NILAI-NILAI ANTI KORUPSI DI LEMBAGA PEND.pdf}
}

@article{trajanoEthnicNationalismSeparatism2010,
  title = {Ethnic {{Nationalism}} and {{Separatism}} in {{West Papua}}, {{Indonesia}}},
  author = {Trajano, Julius Cesar I},
  year = {2010},
  journal = {Conflict and Development},
  number = {16},
  pages = {24},
  abstract = {This paper examines the political and socioeconomic causes of ethnic secessionism and conflicts in West Papua. It argues that a number of political and socioeconomic factors compelled the West Papuans to launch their armed struggles for self-determination and strengthened their ethnic nationalist sentiment. It attempts to analyze and explicate the relationship between the political and socioeconomic problems besetting West Papua and ethnic secessionism in that province. Lack of basic and social services, exploitation of their natural resources, weakening of local institutions, erosion of traditional culture and norms, uneven distribution of wealth, military atrocities, and discrimination, among others, have compelled the West Papuans to conduct anti-Indonesia, separatist activities and have reinforced their ethnic nationalist claims. Political and socioeconomic problems are among the sources of discontent and distrust that gave birth to the current rebellion in West Papua. Despite its abundant natural resources, West Papua is among the poorest provinces in the country. Widespread poverty and starvation in West Papua have been caused by the exploitative activities of transnational corporations as well as by the Indonesian central government. The policies of the Indonesian government give rise to appalling socioeconomic realities in that region. Horrendous political and socioeconomic realities in their homeland have compelled the West Papuans to secede from the Indonesian unitary state. Ethnic nationalism has prompted them to defend their political and socioeconomic rights. In some multiethnic states such as Indonesia, ethnic nationalism is the response of ethnic groups to situations of ethnic-structural inequality and uneven development. The common feeling among the West Papuans is that instead of getting a fair share from the enormous revenues earned by TNCs and by the central government, they suffer starvation, marginalization, and military atrocities. Consequently, the West Papuans perceive that their communities are being plundered, exploited, and treated unjustly by the Indonesians. In conclusion, the resistance and armed struggle of the West Papuans have been induced by the political and socioeconomic impact of Indonesian rule over their communities.},
  language = {en},
  file = {H\:\\kuliah\\zotero\\storage\\52HZF87N\\Trajano - 2010 - Ethnic Nationalism and Separatism in West Papua, I.pdf}
}

@misc{UndangUndangNomor391999,
  title = {{Undang-Undang nomor 39 tahun 1999}},
  year = {1999},
  number = {39},
  pages = {45},
  language = {id},
  file = {H\:\\kuliah\\zotero\\storage\\SXPXSU33\\UNDANG UNDANG REPUBLIK INDONESIA.pdf}
}

@misc{UndangUndangRepublikIndonesia,
  title = {Undang-{{Undang Republik Indonesia Nomor}} 30 {{Tahun}} 2002 {{Tentang Komisi Pemberantasan Tindak Pidana Korupsi}}},
  file = {H\:\\kuliah\\zotero\\storage\\TIG8G5YT\\uu302002.pdf}
}

@misc{wirayudhaBelajarToleransiDari2021,
  title = {{Belajar Toleransi dari Bung Hatta}},
  author = {Wirayudha, Randy},
  year = {2021},
  month = aug,
  journal = {Historia - Majalah Sejarah Populer Pertama di Indonesia},
  abstract = {Perbedaan politik atau apapun tak melunturkan persahabatan dwitunggal. Lain urusan politik lain pula urusan pribadi.},
  chapter = {Politik},
  howpublished = {https://historia.id/politik/articles/belajar-toleransi-dari-bung-hatta-Pdbx0},
  language = {id-ID},
  file = {H\:\\kuliah\\zotero\\storage\\A7NW84QL\\6.html}
}

@misc{yasminMengenalApaItu,
  title = {{Mengenal Apa Itu Omnibus Law yang Jadi Kontroversi}},
  author = {Yasmin, Puti},
  journal = {detiknews},
  abstract = {Rencana pengesahan RUU Omnibus Law menjadi kontroversi di tengah masyarakat. Namun, sebenarnya omnibus law artinya apa?},
  howpublished = {https://news.detik.com/berita/d-5200381/mengenal-apa-itu-omnibus-law-yang-jadi-kontroversi},
  language = {id-ID},
  file = {H\:\\kuliah\\zotero\\storage\\7L848254\\mengenal-apa-itu-omnibus-law-yang-jadi-kontroversi.html}
}


